<?xml version="1.0" encoding="UTF-8"?><collection xmlns="http://www.loc.gov/MARC21/slim"><record><leader>00491nam--2200193-u-4500</leader><controlfield tag="001">000051152</controlfield><controlfield tag="002">20161230</controlfield><controlfield tag="005">20161230201049</controlfield><controlfield tag="008">080526s1000------------r-----000-0-eng-d</controlfield><datafield ind1=" " ind2=" " tag="040"><subfield code="a">IFIN-HH</subfield></datafield><datafield ind1=" " ind2=" " tag="080"><subfield code="a">512.972</subfield></datafield><datafield ind1="1" ind2=" " tag="100"><subfield code="a">Delachet, Andre</subfield></datafield><datafield ind1="1" ind2=" " tag="245"><subfield code="a">Calcul vectoriel et calcul tensoriel</subfield></datafield><datafield ind1=" " ind2=" " tag="260"><subfield code="a">Paris</subfield><subfield code="b">Press Universitaires de France</subfield><subfield code="c">1950</subfield></datafield><datafield ind1=" " ind2=" " tag="300"><subfield code="a">128 p</subfield></datafield><datafield ind1=" " ind2=" " tag="490"><subfield code="a">Que sais-je?</subfield></datafield><datafield ind1="1" ind2=" " tag="700"><subfield code="a">Andre Delachet</subfield></datafield><datafield ind1=" " ind2=" " tag="852"><subfield code="a">2876</subfield><subfield code="c">512.94</subfield></datafield><datafield ind1=" " ind2=" " tag="CAT"><subfield code="a">Sys</subfield><subfield code="c">20080526</subfield><subfield code="h">083807</subfield></datafield></record></collection>